@ARTICLE{Huffman1952-ak,
  title     = "A Method for the Construction of {Minimum-Redundancy} Codes",
  author    = "Huffman, D A",
  journal   = "Proceedings of the IRE",
  publisher = "ieeexplore.ieee.org",
  volume    =  40,
  number    =  9,
  pages     = "1098--1101",
  year      =  1952,
  issn      = "0096-8390",
  doi       = "10.1109/JRPROC.1952.273898"
}

@ARTICLE{Shannon1948-ic,
  title   = "The Bell System Technical Journal",
  author  = "Shannon, Claude E",
  journal = "A mathematical theory of communication",
  volume  =  27,
  pages   = "379--423",
  year    =  1948
}

@ARTICLE{Ahn2010-uh,
  title       = "Link communities reveal multiscale complexity in networks",
  author      = "Ahn, Yong-Yeol and Bagrow, James P and Lehmann, Sune",
  affiliation = "Center for Complex Network Research, Department of Physics,
                 Northeastern University, Boston, Massachusetts 02115, USA.",
  journal     = "Nature",
  publisher   = "nature.com",
  volume      =  466,
  number      =  7307,
  pages       = "761--764",
  month       =  "5~" # aug,
  year        =  2010,
  language    = "en",
  issn        = "0028-0836, 1476-4687",
  pmid        = "20562860",
  doi         = "10.1038/nature09182"
}

@ARTICLE{Evans2009-lq,
  title       = "Line graphs, link partitions, and overlapping communities",
  author      = "Evans, T S and Lambiotte, R",
  affiliation = "Institute for Mathematical Sciences, Imperial College London,
  SW7 2PG London, UK.",
  journal     = "Phys. Rev. E Stat. Nonlin. Soft Matter Phys.",
  publisher   = "APS",
  volume      =  80,
  number      = "1 Pt 2",
  pages       = "016105",
  month       =  jul,
  year        =  2009,
  language    = "en",
  issn        = "1539-3755",
  pmid        = "19658772",
  doi         = "10.1103/PhysRevE.80.016105"
}

@ARTICLE{Ravasz2002-qr,
  title       = "Hierarchical organization of modularity in metabolic networks",
  author      = "Ravasz, E and Somera, A L and Mongru, D A and Oltvai, Z N and
  Barab{\'a}si, A L",
  affiliation = "Department of Physics, University of Notre Dame, Notre Dame,
  IN 46556, USA.",
  journal     = "Science",
  publisher   = "science.sciencemag.org",
  volume      =  297,
  number      =  5586,
  pages       = "1551--1555",
  month       =  "30~" # aug,
  year        =  2002,
  language    = "en",
  issn        = "0036-8075, 1095-9203",
  pmid        = "12202830",
  doi         = "10.1126/science.1073374"
}

@ARTICLE{Derenyi2005-lb,
  title       = "Clique percolation in random networks",
  author      = "Der{\'e}nyi, Imre and Palla, Gergely and Vicsek, Tam{\'a}s",
  affiliation = "Department of Biological Physics, E{\"o}tv{\"o}s University,
  P{\'a}zm{\'a}ny P. stny. 1A, H-1117 Budapest, Hungary.",
  journal     = "Phys. Rev. Lett.",
  publisher   = "APS",
  volume      =  94,
  number      =  16,
  pages       = "160202",
  month       =  "29~" # apr,
  year        =  2005,
  language    = "en",
  issn        = "0031-9007",
  pmid        = "15904198",
  doi         = "10.1103/PhysRevLett.94.160202"
}

@ARTICLE{Newman2004-jg,
  title       = "Finding and evaluating community structure in networks",
  author      = "Newman, M E J and Girvan, M",
  affiliation = "Department of Physics and Center for the Study of Complex
  Systems, University of Michigan, Ann Arbor, MI 48109-1120,
  USA.",
  journal     = "Phys. Rev. E Stat. Nonlin. Soft Matter Phys.",
  publisher   = "APS",
  volume      =  69,
  number      = "2 Pt 2",
  pages       = "026113",
  month       =  feb,
  year        =  2004,
  language    = "en",
  issn        = "1539-3755",
  pmid        = "14995526",
  doi         = "10.1103/PhysRevE.69.026113"
}

@ARTICLE{Newman2003-jn,
    title     = "Mixing patterns in networks",
    author    = "Newman, Mej",
    journal   = "Physical Review E",
    publisher = "APS",
    year      =  2003
}

@BOOK{Grunwald2007-bt,
  title     = "The Minimum Description Length Principle",
  author    = "Gr{\"u}nwald, Peter D",
  publisher = "MIT Press",
  year      =  2007,
  language  = "en",
  isbn      = "9780262072816"
}

@ARTICLE{Rosvall2009-sd,
  title     = "The map equation",
  author    = "Rosvall, M and Axelsson, D and Bergstrom, C T",
  journal   = "Eur. Phys. J. Spec. Top.",
  publisher = "Springer-Verlag",
  volume    =  178,
  number    =  1,
  pages     = "13--23",
  month     =  nov,
  year      =  2009,
  language  = "en",
  issn      = "1951-6355, 1951-6401",
  doi       = "10.1140/epjst/e2010-01179-1"
}

@ARTICLE{Viamontes_Esquivel2011-it,
  title     = "Compression of Flow Can Reveal {Overlapping-Module} Organization
  in Networks",
  author    = "Viamontes Esquivel, Alcides and Rosvall, Martin",
  journal   = "Phys. Rev. X",
  publisher = "American Physical Society",
  volume    =  1,
  number    =  2,
  pages     = "021025",
  month     =  dec,
  year      =  2011,
  doi       = "10.1103/PhysRevX.1.021025"
}

@ARTICLE{Rosvall2011-yi,
  title       = "Multilevel compression of random walks on networks reveals
  hierarchical organization in large integrated systems",
  author      = "Rosvall, Martin and Bergstrom, Carl T",
  affiliation = "Integrated Science Lab, Department of Physics, Ume{\aa}
  University, Ume{\aa}, Sweden. martin.rosvall@physics.umu.se",
  journal     = "PLoS One",
  volume      =  6,
  number      =  4,
  pages       = "e18209",
  month       =  apr,
  year        =  2011,
  language    = "en",
  issn        = "1932-6203",
  pmid        = "21494658",
  doi         = "10.1371/journal.pone.0018209",
  pmc         = "PMC3072965"
}

@ARTICLE{Lambiotte2012-fp,
  title       = "Ranking and clustering of nodes in networks with smart
  teleportation",
  author      = "Lambiotte, R and Rosvall, M",
  affiliation = "Department of Mathematics and Naxys, University of Namur,
  Belgium. renaud.lambiotte@fundp.ac.be",
  journal     = "Phys. Rev. E Stat. Nonlin. Soft Matter Phys.",
  volume      =  85,
  number      = "5 Pt 2",
  pages       = "056107",
  month       =  may,
  year        =  2012,
  language    = "en",
  issn        = "1539-3755, 1550-2376",
  pmid        = "23004821",
  doi         = "10.1103/PhysRevE.85.056107"
}

@ARTICLE{Kawamoto2015-ha,
  title       = "Estimating the resolution limit of the map equation in
  community detection",
  author      = "Kawamoto, Tatsuro and Rosvall, Martin",
  affiliation = "Department of Computational Intelligence and Systems Science,
  Tokyo Institute of Technology, 4259-G5-22, Nagatsuta-cho,
  Midori-ku, Yokohama, Kanagawa 226-8502, Japan. Integrated
  Science Lab, Department of Physics, Ume{\aa} University,
  SE-901 87 Ume{\aa}, Sweden.",
  journal     = "Phys. Rev. E Stat. Nonlin. Soft Matter Phys.",
  volume      =  91,
  number      =  1,
  pages       = "012809",
  month       =  jan,
  year        =  2015,
  language    = "en",
  issn        = "1539-3755, 1550-2376",
  pmid        = "25679659",
  doi         = "10.1103/PhysRevE.91.012809"
}

@PHDTHESIS{Van_Dongen2000-qm,
  title  = "Graph Clustering by Flow Simulation (Markov Clustering Algorithm)",
  author = "van Dongen, Stijn",
  editor = "Hazewinkel, M and van Eijck, J",
  year   =  2000,
  school = "University of Ultrech"
}

@ARTICLE{Callaway2000-ug,
    title       = "Network robustness and fragility: percolation on random graphs",
    author      = "Callaway, D S and Newman, M E and Strogatz, S H and Watts, D J",
    affiliation = "Department of Theoretical and Applied Mechanics, Cornell
    University, Ithaca, New York 14853-1503, USA.",
    journal     = "Phys. Rev. Lett.",
    volume      =  85,
    number      =  25,
    pages       = "5468--5471",
    month       =  dec,
    year        =  2000,
    language    = "en",
    issn        = "0031-9007",
    pmid        = "11136023",
    doi         = "10.1103/PhysRevLett.85.5468"
}

@BOOK{Barabasi2016-rn,
  title     = "Network Science",
  author    = "Barab{\'a}si, Albert-L{\'a}szl{\'o} and P{\'o}sfai, M{\'a}rton",
  publisher = "Cambridge University Press",
  edition   = "1",
  month     =  "5~" # aug,
  year      =  2016,
  language  = "en",
  isbn      = "9781107076266"
}

@MISC{VAGAS_Tecnologia2014-yv,
    title        = "Mapa {VAGAS} de Carreiras",
    booktitle    = "Mapa {VAGAS} de Carreiras",
    author       = "{VAGAS Tecnologia}",
    year         =  2014,
    howpublished = "\url{http://www.vagas.com.br/mapa-de-carreiras/}",
    note         = "Accessed: 2017-9-23"
}

@INCOLLECTION{Arthur1989-rn,
  title     = "Generating new directions in career theory: the case for a
  transdisciplinary approach",
  booktitle = "Handbook of Career Theory",
  author    = "Arthur, Michael B and Hall, Douglas T and Lawrence, Barbara S",
  editor    = "Arthur, Michael B and Hall, Douglas T and Lawrence, Barbara S",
  publisher = "Cambridge University Press",
  pages     = "7--25",
  month     =  aug,
  year      =  1989,
  language  = "en",
  isbn      = "9781316583326"
}

@ARTICLE{Baruch2004-oy,
  title   = "Transforming careers: from linear to multidirectional career paths:
  Organizational and individual perspectives",
  author  = "Baruch, Yehuda",
  journal = "Career Development International",
  volume  =  9,
  number  =  1,
  pages   = "58--73",
  year    =  2004,
  eprint  = "https://doi.org/10.1108/13620430410518147",
  doi     = "10.1108/13620430410518147"
}

@ARTICLE{Sullivan2009-xb,
  title     = "Advances in Career Theory and Research: A Critical Review and
  Agenda for Future Exploration",
  author    = "Sullivan, Sherry E and Baruch, Yehuda",
  journal   = "J. Manage.",
  publisher = "SAGE Publications Inc",
  volume    =  35,
  number    =  6,
  pages     = "1542--1571",
  month     =  dec,
  year      =  2009,
  issn      = "0149-2063",
  doi       = "10.1177/0149206309350082"
}

@ARTICLE{Bendassolli2009-bg,
  title     = "Recomposi{\c c}{\~a}o da rela{\c c}{\~a}o sujeito-trabalho nos
  modelos emergentes de carreira",
  author    = "Bendassolli, Pedro F",
  journal   = "RAE-Revista de Administra{\c c}{\~a}o de Empresas",
  publisher = "Funda{\c c}{\~a}o Getulio Vargas",
  volume    =  49,
  number    =  4,
  year      =  2009
}

@ARTICLE{Abbott1995-ft,
  title     = "Things Of Boundairies",
  author    = "Abbott, Andrew",
  journal   = "Social Research",
  publisher = "The New School",
  volume    =  62,
  number    =  4,
  pages     = "857--882",
  year      =  1995,
  issn      = "0037-783X"
}

@INCOLLECTION{Gunz2007-hr,
  title     = "Boundaries in the study of career",
  booktitle = "Handbook of Career Studies",
  author    = "Gunz, Hugh P and Peiperl, Maury A and Tzabbar, Daniel",
  editor    = "Gunz, Hugh P and Peiperl, Maury A",
  publisher = "SAGE Publications, Inc",
  pages     = "471--494",
  edition   = "1",
  month     =  aug,
  year      =  2007,
  language  = "en",
  isbn      = "9780761930396"
}

@ARTICLE{Hall2004-ke,
  title   = "The protean career: A quarter-century journey",
  author  = "Hall, Douglas T",
  journal = "J. Vocat. Behav.",
  volume  =  65,
  number  =  1,
  pages   = "1--13",
  month   =  aug,
  year    =  2004,
  issn    = "0001-8791",
  doi     = "10.1016/j.jvb.2003.10.006"
}

@ARTICLE{Arthur1994-qq,
  title     = "The boundaryless career: A new perspective for organizational
  inquiry",
  author    = "Arthur, Michael B",
  journal   = "J. Organ. Behav.",
  publisher = "Wiley Online Library",
  volume    =  15,
  number    =  4,
  pages     = "295--306",
  year      =  1994,
  issn      = "0894-3796"
}
